@article{patashnik1984bibtex,
  title={BIBTEX 101},
  author={Patashnik, Oren},
  year={1984}
}

@inproceedings{fletcher1995academic,
  title={Academic referencing of Internet-based resources},
  author={Fletcher, Gordon and Greenhill, Anita},
  booktitle={Aslib Proceedings},
  year={1995},
  organization={MCB UP Ltd}
}

@article{iqbal2015solving,
  title={Solving the multi-objective vehicle routing problem with soft time windows with the help of bees},
  author={Iqbal, Sumaiya and Kaykobad, M and Rahman, M Sohel},
  journal={Swarm and evolutionary computation},
  volume={24},
  pages={50--64},
  year={2015},
  publisher={Elsevier}
}

@article{miranda2016vehicle,
  title={The vehicle routing problem with hard time windows and stochastic travel and service time},
  author={Miranda, Douglas Moura and Concei{\c{c}}{\~a}o, Samuel Vieira},
  journal={Expert Systems with Applications},
  volume={64},
  pages={104--116},
  year={2016},
  publisher={Elsevier}
}

@article{zhang2017hybrid,
  title={A hybrid algorithm for a vehicle routing problem with realistic constraints},
  author={Zhang, Defu and Cai, Sifan and Ye, Furong and Si, Yain-Whar and Nguyen, Trung Thanh},
  journal={Information Sciences},
  volume={394},
  pages={167--182},
  year={2017},
  publisher={Elsevier}
}

@article{mouthuy2015multistage,
  title={A multistage very large-scale neighborhood search for the vehicle routing problem with soft time windows},
  author={Mouthuy, S{\'e}bastien and Massen, Florence and Deville, Yves and Van Hentenryck, Pascal},
  journal={Transportation Science},
  volume={49},
  number={2},
  pages={223--238},
  year={2015},
  publisher={INFORMS}
}

@article{dominguez2016biased,
  title={A biased-randomised large neighbourhood search for the two-dimensional vehicle routing problem with backhauls},
  author={Dominguez, Oscar and Guimarans, Daniel and Juan, Angel A and de la Nuez, Ignacio},
  journal={European Journal of Operational Research},
  volume={255},
  number={2},
  pages={442--462},
  year={2016},
  publisher={Elsevier}
}

@article{parragh2006survey,
  title={A survey on pickup and delivery models Part II: Transportation between pickup and delivery locations},
  author={Parragh, Sophie N and Doerner, Karl F and Hartl, Richard F},
  journal={Journal f{\"u}r Betriebswirtschaft},
  volume={58},
  pages={81--117},
  year={2006}
}

@article{tarantilis2013adaptive,
  title={Adaptive path relinking for vehicle routing and scheduling problems with product returns},
  author={Tarantilis, Christos D and Anagnostopoulou, Afroditi K and Repoussis, Panagiotis P},
  journal={Transportation Science},
  volume={47},
  number={3},
  pages={356--379},
  year={2013},
  publisher={INFORMS}
}

@article{wu2016label,
  title={A label based ant colony algorithm for heterogeneous vehicle routing with mixed backhaul},
  author={Wu, Weiqin and Tian, Yu and Jin, Tongdan},
  journal={Applied Soft Computing},
  volume={47},
  pages={224--234},
  year={2016},
  publisher={Elsevier}
}

@article{nagy2015vehicle,
  title={The vehicle routing problem with divisible deliveries and pickups},
  author={Nagy, G{\'a}bor and Wassan, Niaz A and Speranza, M Grazia and Archetti, Claudia},
  journal={Transportation Science},
  volume={49},
  number={2},
  pages={271--294},
  year={2015},
  publisher={INFORMS}
}

@article{avci2016hybrid,
  title={A hybrid metaheuristic algorithm for heterogeneous vehicle routing problem with simultaneous pickup and delivery},
  author={Avci, Mustafa and Topaloglu, Seyda},
  journal={Expert Systems with Applications},
  volume={53},
  pages={160--171},
  year={2016},
  publisher={Elsevier}
}

@article{lai2016tabu,
  title={A tabu search heuristic for the heterogeneous vehicle routing problem on a multigraph},
  author={Lai, David SW and Demirag, Ozgun Caliskan and Leung, Janny MY},
  journal={Transportation Research Part E: Logistics and Transportation Review},
  volume={86},
  pages={32--52},
  year={2016},
  publisher={Elsevier}
}

@article{montoya2015literature,
  title={A literature review on the vehicle routing problem with multiple depots},
  author={Montoya-Torres, Jairo R and Franco, Juli{\'a}n L{\'o}pez and Isaza, Santiago Nieto and Jim{\'e}nez, Heriberto Felizzola and Herazo-Padilla, Nilson},
  journal={Computers \& Industrial Engineering},
  volume={79},
  pages={115--129},
  year={2015},
  publisher={Elsevier}
}

@article{campbell2014forty,
  title={Forty years of periodic vehicle routing},
  author={Campbell, Ann Melissa and Wilson, Jill Hardin},
  journal={Networks},
  volume={63},
  number={1},
  pages={2--15},
  year={2014},
  publisher={Wiley Online Library}
}

@article{silva2015iterated,
  title={An iterated local search heuristic for the split delivery vehicle routing problem},
  author={Silva, Marcos Melo and Subramanian, Anand and Ochi, Luiz Satoru},
  journal={Computers \& Operations Research},
  volume={53},
  pages={234--249},
  year={2015},
  publisher={Elsevier}
}

@article{marinaki2016glowworm,
  title={A glowworm swarm optimization algorithm for the vehicle routing problem with stochastic demands},
  author={Marinaki, Magdalene and Marinakis, Yannis},
  journal={Expert Systems with Applications},
  volume={46},
  pages={145--163},
  year={2016},
  publisher={Elsevier}
}

@article{marinakis2014bumble,
  title={A bumble bees mating optimization algorithm for the open vehicle routing problem},
  author={Marinakis, Yannis and Marinaki, Magdalene},
  journal={Swarm and Evolutionary Computation},
  volume={15},
  pages={80--94},
  year={2014},
  publisher={Elsevier}
}

@article{franceschetti2017metaheuristic,
  title={A metaheuristic for the time-dependent pollution-routing problem},
  author={Franceschetti, Anna and Demir, Emrah and Honhon, Doroth{\'e}e and Van Woensel, Tom and Laporte, Gilbert and Stobbe, Mark},
  journal={European Journal of Operational Research},
  volume={259},
  number={3},
  pages={972--991},
  year={2017},
  publisher={Elsevier}
}

@article{lin2014survey,
  title={Survey of green vehicle routing problem: past and future trends},
  author={Lin, Canhong and Choy, King Lun and Ho, George TS and Chung, Sai Ho and Lam, HY},
  journal={Expert systems with applications},
  volume={41},
  number={4},
  pages={1118--1138},
  year={2014},
  publisher={Elsevier}
}

@inproceedings{mihaivrp2022,
  title={The Vehicle Routing Problem of vehicle movement organisations:
Job bundling for efficient vehicle movement operations},
  author={Nastase, Mihai},
  year={2022},
  publisher={Birmingham City University}
}